%% This BibTeX bibliography file was created using BibDesk.
%% http://bibdesk.sourceforge.net/

%% Created for wangzhy at 2016-08-24 13:04:15 +0800 


%% Saved with string encoding Unicode (UTF-8) 

% chap01

@article{huang2016densely,
  title={Densely connected convolutional networks},
  author={Huang, Gao and Liu, Zhuang and Weinberger, Kilian Q and van der Maaten, Laurens},
  journal={Computer Vision and Pattern Recognition (CVPR)},
  year={2017}
}


@unpublished{Goodfellow-et-al-2016-Book,
    title={Deep Learning},
    author={Ian Goodfellow and Yoshua Bengio and Aaron Courville},
    note={Book in preparation for MIT Press},
    url={http://www.deeplearningbook.org},
    year={2016}
}

@article{schmidhuber2015deep,
  title={Deep learning in neural networks: An overview},
  author={Schmidhuber, J{\"u}rgen},
  journal={Neural Networks},
  volume={61},
  pages={85--117},
  year={2015},
  publisher={Elsevier}
}

@inproceedings{lecun2010convolutional,
  title={Convolutional networks and applications in vision.},
  author={LeCun, Yann and Kavukcuoglu, Koray and Farabet, Cl{\'e}ment and others},
  booktitle={ISCAS},
  pages={253--256},
  year={2010}
}

@article{bengio2009learning,
  title={Learning deep architectures for AI},
  author={Bengio, Yoshua},
  journal={Foundations and trends{\textregistered} in Machine Learning},
  volume={2},
  number={1},
  pages={1--127},
  year={2009},
  publisher={Now Publishers Inc.}
}

@article{bengio2013representation,
  title={Representation learning: A review and new perspectives},
  author={Bengio, Yoshua and Courville, Aaron and Vincent, Pascal},
  journal={IEEE transactions on pattern analysis and machine intelligence},
  volume={35},
  number={8},
  pages={1798--1828},
  year={2013},
  publisher={IEEE}
}

@unpublished{tieleman2012,
    title={RMSProp: Divide the gradient by a running average of its recent magnitude},
    author={Tijmen, Tieleman and Hinton, Geoffrey E},
    note={COURSERA: Neural Networks for Machine Learning.Technical report},
    year={2012}
}

@article{gu2015recent,
  title={Recent Advances in Convolutional Neural Networks},
  author={Gu, Jiuxiang and Wang, Zhenhua and Kuen, Jason and Ma, Lianyang and Shahroudy, Amir and Shuai, Bing and Liu, Ting and Wang, Xingxing and Wang, Gang},
  journal={arXiv preprint arXiv:1512.07108},
  year={2015}
}

@article{jaderberg2016decoupled,
  title={Decoupled Neural Interfaces using Synthetic Gradients},
  author={Jaderberg, Max and Czarnecki, Wojciech Marian and Osindero, Simon and Vinyals, Oriol and Graves, Alex and Kavukcuoglu, Koray},
  journal={arXiv preprint arXiv:1608.05343},
  year={2016}
}

@article{sutskever2013importance,
  title={On the importance of initialization and momentum in deep learning.},
  author={Sutskever, Ilya and Martens, James and Dahl, George E and Hinton, Geoffrey E},
  journal={ICML (3)},
  volume={28},
  pages={1139--1147},
  year={2013}
}
@article{kingma2014adam,
  title={Adam: A method for stochastic optimization},
  author={Kingma, Diederik and Ba, Jimmy},
  journal={arXiv preprint arXiv:1412.6980},
  year={2014}
}
@article{duchi2011adaptive,
  title={Adaptive subgradient methods for online learning and stochastic optimization},
  author={Duchi, John and Hazan, Elad and Singer, Yoram},
  journal={Journal of Machine Learning Research},
  volume={12},
  number={Jul},
  pages={2121--2159},
  year={2011}
}


@article{zeiler2012adadelta,
  title={ADADELTA: an adaptive learning rate method},
  author={Zeiler, Matthew D},
  journal={arXiv preprint arXiv:1212.5701},
  year={2012}
}

@incollection{bottou2012stochastic,
  title={Stochastic gradient descent tricks},
  author={Bottou, L{\'e}on},
  booktitle={Neural Networks: Tricks of the Trade},
  pages={421--436},
  year={2012},
  publisher={Springer}
}

@inproceedings{he2015delving,
  title={Delving deep into rectifiers: Surpassing human-level performance on imagenet classification},
  author={He, Kaiming and Zhang, Xiangyu and Ren, Shaoqing and Sun, Jian},
  booktitle={Proceedings of the IEEE International Conference on Computer Vision},
  pages={1026--1034},
  year={2015}
}


@inproceedings{glorot2010understanding,
  title={Understanding the difficulty of training deep feedforward neural networks.},
  author={Glorot, Xavier and Bengio, Yoshua},
  booktitle={Aistats},
  volume={9},
  pages={249--256},
  year={2010}
}


@inproceedings{chopra2005learning,
  title={Learning a similarity metric discriminatively, with application to face verification},
  author={Chopra, Sumit and Hadsell, Raia and LeCun, Yann},
  booktitle={2005 IEEE Computer Society Conference on Computer Vision and Pattern Recognition (CVPR'05)},
  volume={1},
  pages={539--546},
  year={2005},
  organization={IEEE}
}


@inproceedings{tompson2015efficient,
  title={Efficient object localization using convolutional networks},
  author={Tompson, Jonathan and Goroshin, Ross and Jain, Arjun and LeCun, Yann and Bregler, Christoph},
  booktitle={Proceedings of the IEEE Conference on Computer Vision and Pattern Recognition},
  pages={648--656},
  year={2015}
}

@inproceedings{ba2013adaptive,
  title={Adaptive dropout for training deep neural networks},
  author={Ba, Jimmy and Frey, Brendan},
  booktitle={Advances in Neural Information Processing Systems},
  pages={3084--3092},
  year={2013}
}

@inproceedings{wang2013fast,
  title={Fast dropout training.},
  author={Wang, Sida I and Manning, Christopher D},
  booktitle={ICML (2)},
  pages={118--126},
  year={2013}
}

@article{clevert2015fast,
  title={Fast and accurate deep network learning by exponential linear units (elus)},
  author={Clevert, Djork-Arn{\'e} and Unterthiner, Thomas and Hochreiter, Sepp},
  journal={arXiv preprint arXiv:1511.07289},
  year={2015}
}

@article{xu2015empirical,
  title={Empirical evaluation of rectified activations in convolutional network},
  author={Xu, Bing and Wang, Naiyan and Chen, Tianqi and Li, Mu},
  journal={arXiv preprint arXiv:1505.00853},
  year={2015}
}

@inproceedings{maas2013rectifier,
  title={Rectifier nonlinearities improve neural network acoustic models},
  author={Maas, Andrew L and Hannun, Awni Y and Ng, Andrew Y},
  booktitle={Proc. ICML},
  volume={30},
  number={1},
  year={2013}
}

@inproceedings{nair2010rectified,
  title={Rectified linear units improve restricted boltzmann machines},
  author={Nair, Vinod and Hinton, Geoffrey E},
  booktitle={Proceedings of the 27th International Conference on Machine Learning (ICML-10)},
  pages={807--814},
  year={2010}
}

@inproceedings{zeiler2014visualizing,
  title={Visualizing and understanding convolutional networks},
  author={Zeiler, Matthew D and Fergus, Rob},
  booktitle={European Conference on Computer Vision},
  pages={818--833},
  year={2014},
  organization={Springer}
}


@article{olshausen1996emergence,
  title={Emergence of simple-cell receptive field properties by learning a sparse code for natural images},
  author={Olshausen, Bruno A and others},
  journal={Nature},
  volume={381},
  number={6583},
  pages={607--609},
  year={1996}
}

@inproceedings{rifai2011contractive,
  title={Contractive auto-encoders: Explicit invariance during feature extraction},
  author={Rifai, Salah and Vincent, Pascal and Muller, Xavier and Glorot, Xavier and Bengio, Yoshua},
  booktitle={Proceedings of the 28th international conference on machine learning (ICML-11)},
  pages={833--840},
  year={2011}
}

@inproceedings{vincent2008extracting,
  title={Extracting and composing robust features with denoising autoencoders},
  author={Vincent, Pascal and Larochelle, Hugo and Bengio, Yoshua and Manzagol, Pierre-Antoine},
  booktitle={Proceedings of the 25th international conference on Machine learning},
  pages={1096--1103},
  year={2008},
  organization={ACM}
}

@inproceedings{poultney2006efficient,
  title={Efficient learning of sparse representations with an energy-based model},
  author={Poultney, Christopher and Chopra, Sumit and Cun, Yann L and others},
  booktitle={Advances in neural information processing systems},
  pages={1137--1144},
  year={2006}
}

@article{hinton1994autoencoders,
  title={Autoencoders, minimum description length, and Helmholtz free energy},
  author={Hinton, Geoffrey E and Zemel, Richard S},
  journal={Advances in neural information processing systems},
  pages={3--3},
  year={1994},
  publisher={Citeseer}
}

@article{bourlard1988auto,
  title={Auto-association by multilayer perceptrons and singular value decomposition},
  author={Bourlard, Herv{\'e} and Kamp, Yves},
  journal={Biological cybernetics},
  volume={59},
  number={4-5},
  pages={291--294},
  year={1988},
  publisher={Springer}
}

@article{hinton2006reducing,
  title={Reducing the dimensionality of data with neural networks},
  author={Hinton, Geoffrey E and Salakhutdinov, Ruslan R},
  journal={Science},
  volume={313},
  number={5786},
  pages={504--507},
  year={2006},
  publisher={American Association for the Advancement of Science}
}

@inproceedings{tieleman2009using,
  title={Using fast weights to improve persistent contrastive divergence},
  author={Tieleman, Tijmen and Hinton, Geoffrey},
  booktitle={Proceedings of the 26th Annual International Conference on Machine Learning},
  pages={1033--1040},
  year={2009},
  organization={ACM}
}

@article{younes1999convergence,
  title={On the convergence of Markovian stochastic algorithms with rapidly decreasing ergodicity rates},
  author={Younes, Laurent},
  journal={Stochastics: An International Journal of Probability and Stochastic Processes},
  volume={65},
  number={3-4},
  pages={177--228},
  year={1999},
  publisher={Taylor \& Francis}
}

@inproceedings{hinton1999products,
  title={Products of experts},
  author={Hinton, Geoffrey E},
  booktitle={Artificial Neural Networks, 1999. ICANN 99. Ninth International Conference on (Conf. Publ. No. 470)},
  volume={1},
  pages={1--6},
  year={1999},
  organization={IET}
}

@article{hinton2006fast,
  title={A fast learning algorithm for deep belief nets},
  author={Hinton, Geoffrey E and Osindero, Simon and Teh, Yee-Whye},
  journal={Neural computation},
  volume={18},
  number={7},
  pages={1527--1554},
  year={2006},
  publisher={MIT Press}
}

@inproceedings{mnih2010generating,
  title={Generating more realistic images using gated MRF's},
  author={Mnih, Volodymyr and Hinton, Geoffrey E and others},
  booktitle={Advances in Neural Information Processing Systems},
  pages={2002--2010},
  year={2010}
}

@inproceedings{courville2011spike,
  title={A Spike and Slab Restricted Boltzmann Machine.},
  author={Courville, Aaron C and Bergstra, James and Bengio, Yoshua},
  booktitle={AISTATS},
  volume={1},
  pages={5},
  year={2011}
}

@inproceedings{hinton2010modeling,
  title={Modeling pixel means and covariances using factorized third-order Boltzmann machines},
  author={Hinton, Geoffrey E and others},
  booktitle={Computer Vision and Pattern Recognition (CVPR), 2010 IEEE Conference on},
  pages={2551--2558},
  year={2010},
  organization={IEEE}
}

@inproceedings{hinton1983optimal,
  title={Optimal perceptual inference},
  author={Hinton, Geoffrey E and Sejnowski, Terrence J},
  booktitle={Proceedings of the IEEE conference on Computer Vision and Pattern Recognition},
  pages={448--453},
  year={1983},
  organization={Citeseer}
}


@article{neal1992connectionist,
  title={Connectionist learning of belief networks},
  author={Neal, Radford M},
  journal={Artificial intelligence},
  volume={56},
  number={1},
  pages={71--113},
  year={1992},
  publisher={Elsevier}
}

@article{tipping1999probabilistic,
  title={Probabilistic principal component analysis},
  author={Tipping, Michael E and Bishop, Christopher M},
  journal={Journal of the Royal Statistical Society: Series B (Statistical Methodology)},
  volume={61},
  number={3},
  pages={611--622},
  year={1999},
  publisher={Wiley Online Library}
}

@techreport{rumelhart1985learning,
  title={Learning internal representations by error propagation},
  author={Rumelhart, David E and Hinton, Geoffrey E and Williams, Ronald J},
  year={1985},
  institution={DTIC Document}
}


@incollection{werbos1982applications,
  title={Applications of advances in nonlinear sensitivity analysis},
  author={Werbos, Paul J},
  booktitle={System modeling and optimization},
  pages={762--770},
  year={1982},
  publisher={Springer}
}


@article{dreyfus1973computational,
  title={The computational solution of optimal control problems with time lag},
  author={Dreyfus, S},
  journal={IEEE Transactions on Automatic Control},
  volume={18},
  number={4},
  pages={383--385},
  year={1973},
  publisher={IEEE}
}

@article{linnainmaa1976taylor,
  title={Taylor expansion of the accumulated rounding error},
  author={Linnainmaa, Seppo},
  journal={BIT Numerical Mathematics},
  volume={16},
  number={2},
  pages={146--160},
  year={1976},
  publisher={Springer}
}

@article{linnainmaa1970representation,
  title={The representation of the cumulative rounding error of an algorithm as a Taylor expansion of the local rounding errors},
  author={Linnainmaa, Seppo},
  journal={Master's Thesis (in Finnish), Univ. Helsinki},
  pages={6--7},
  year={1970}
}

@misc{minsky1969perceptrons,
  title={Perceptrons Cambridge},
  author={Minsky, Marvin and Papert, Seymour},
  year={1969},
  publisher={Mass}
}

@article{mcculloch1943logical,
  title={A logical calculus of the ideas immanent in nervous activity},
  author={McCulloch, Warren S and Pitts, Walter},
  journal={The bulletin of mathematical biophysics},
  volume={5},
  number={4},
  pages={115--133},
  year={1943},
  publisher={Springer}
}

@article{rosenblatt1958perceptron,
  title={The perceptron: a probabilistic model for information storage and organization in the brain.},
  author={Rosenblatt, Frank},
  journal={Psychological review},
  volume={65},
  number={6},
  pages={386},
  year={1958},
  publisher={American Psychological Association}
}

@techreport{ivakhnenko1966cybernetic,
  title={Cybernetic predicting devices},
  author={Ivakhnenko, Alekse{\u\i} Grigorʹevich and Lapa, Valentin Grigorʹevich},
  year={1966},
  institution={DTIC Document}
}

@article{ivakhnenko1967cybernetics,
  title={Cybernetics and forecasting techniques},
  author={Ivakhnenko, Alekse{\u\i} Grigorʹevich and Lapa, Valentin Grigorʹevich},
  year={1967},
  publisher={North-Holland}
}

@article{ivakhnenko1968group,
  title={The group method of data handling-a rival of the method of stochastic approximation},
  author={Ivakhnenko, AG},
  journal={Soviet Automatic Control},
  volume={13},
  number={3},
  pages={43--55},
  year={1968}
}

@article{ivakhnenko1971polynomial,
  title={Polynomial theory of complex systems},
  author={Ivakhnenko, AG},
  journal={IEEE Transactions on Systems, Man, and Cybernetics},
  number={4},
  pages={364--378},
  year={1971},
  publisher={IEEE}
}

@inproceedings{gong2014multi,
	Author = {Gong, Yunchao and Wang, Liwei and Guo, Ruiqi and Lazebnik, Svetlana},
	Booktitle = {European Conference on Computer Vision},
	Organization = {Springer},
	Pages = {392--407},
	Title = {Multi-scale orderless pooling of deep convolutional activation features},
	Year = {2014}}

@inproceedings{he2014spatial,
	Author = {He, Kaiming and Zhang, Xiangyu and Ren, Shaoqing and Sun, Jian},
	Booktitle = {European Conference on Computer Vision},
	Organization = {Springer},
	Pages = {346--361},
	Title = {Spatial pyramid pooling in deep convolutional networks for visual recognition},
	Year = {2014}}

@inproceedings{rippel2015spectral,
	Author = {Rippel, Oren and Snoek, Jasper and Adams, Ryan P},
	Booktitle = {Advances in Neural Information Processing Systems},
	Pages = {2449--2457},
	Title = {Spectral representations for convolutional neural networks},
	Year = {2015}}

@article{hinton2012improving,
	Author = {Hinton, Geoffrey E and Srivastava, Nitish and Krizhevsky, Alex and Sutskever, Ilya and Salakhutdinov, Ruslan R},
	Journal = {arXiv preprint arXiv:1207.0580},
	Title = {Improving neural networks by preventing co-adaptation of feature detectors},
	Year = {2012}}

@inproceedings{wan2013regularization,
	Author = {Wan, Li and Zeiler, Matthew and Zhang, Sixin and Cun, Yann L and Fergus, Rob},
	Booktitle = {Proceedings of the 30th International Conference on Machine Learning (ICML-13)},
	Pages = {1058--1066},
	Title = {Regularization of neural networks using dropconnect},
	Year = {2013}}

@inproceedings{yu2014mixed,
	Author = {Yu, Dingjun and Wang, Hanli and Chen, Peiqiu and Wei, Zhihua},
	Booktitle = {International Conference on Rough Sets and Knowledge Technology},
	Organization = {Springer},
	Pages = {364--375},
	Title = {Mixed pooling for convolutional neural networks},
	Year = {2014}}

@inproceedings{weng1992cresceptron,
	Author = {Weng, Juyang and Ahuja, Narendra and Huang, Thomas S},
	Booktitle = {Neural Networks, 1992. IJCNN., International Joint Conference on},
	Organization = {IEEE},
	Pages = {576--581},
	Title = {Cresceptron: a self-organizing neural network which grows adaptively},
	Volume = {1},
	Year = {1992}}

@article{simoncelli1998model,
	Author = {Simoncelli, Eero P and Heeger, David J},
	Journal = {Vision research},
	Number = {5},
	Pages = {743--761},
	Publisher = {Elsevier},
	Title = {A model of neuronal responses in visual area MT},
	Volume = {38},
	Year = {1998}}

@article{hyvarinen2007complex,
	Author = {Hyv{\"a}rinen, Aapo and K{\"o}ster, Urs},
	Journal = {Network: Computation in Neural Systems},
	Number = {2},
	Pages = {81--100},
	Publisher = {Taylor \& Francis},
	Title = {Complex cell pooling and the statistics of natural images},
	Volume = {18},
	Year = {2007}}

@article{bruna2013signal,
	Author = {Bruna, Joan and Szlam, Arthur and LeCun, Yann},
	Journal = {arXiv preprint arXiv:1311.4025},
	Title = {Signal recovery from pooling representations},
	Year = {2013}}

@inproceedings{gulcehre2014learned,
	Author = {Gulcehre, Caglar and Cho, Kyunghyun and Pascanu, Razvan and Bengio, Yoshua},
	Booktitle = {Joint European Conference on Machine Learning and Knowledge Discovery in Databases},
	Organization = {Springer},
	Pages = {530--546},
	Title = {Learned-norm pooling for deep feedforward and recurrent neural networks},
	Year = {2014}}

@article{everingham2010pascal,
	Author = {Everingham, Mark and Van Gool, Luc and Williams, Christopher KI and Winn, John and Zisserman, Andrew},
	Journal = {International journal of computer vision},
	Number = {2},
	Pages = {303--338},
	Publisher = {Springer},
	Title = {The pascal visual object classes (voc) challenge},
	Volume = {88},
	Year = {2010}}

@inproceedings{lin2014microsoft,
	Author = {Lin, Tsung-Yi and Maire, Michael and Belongie, Serge and Hays, James and Perona, Pietro and Ramanan, Deva and Doll{\'a}r, Piotr and Zitnick, C Lawrence},
	Booktitle = {European Conference on Computer Vision},
	Organization = {Springer},
	Pages = {740--755},
	Title = {Microsoft coco: Common objects in context},
	Year = {2014}}

@article{jia2014caffe,
	Author = {Jia, Yangqing and Shelhamer, Evan and Donahue, Jeff and Karayev, Sergey and Long, Jonathan and Girshick, Ross and Guadarrama, Sergio and Darrell, Trevor},
	Journal = {arXiv preprint arXiv:1408.5093},
	Title = {Caffe: Convolutional Architecture for Fast Feature Embedding},
	Year = {2014}}

@article{hinton2015distilling,
	Author = {Hinton, Geoffrey and Vinyals, Oriol and Dean, Jeff},
	Journal = {arXiv preprint arXiv:1503.02531},
	Title = {Distilling the knowledge in a neural network},
	Year = {2015}}

@inproceedings{ba2014deep,
	Author = {Ba, Jimmy and Caruana, Rich},
	Booktitle = {Advances in Neural Information Processing Systems},
	Pages = {2654--2662},
	Title = {Do deep nets really need to be deep?},
	Year = {2014}}

@inproceedings{bucilua2006model,
	Author = {Bucilu$\check{a}$, Cristian and Caruana, Rich and Niculescu-Mizil, Alexandru},
	Booktitle = {Proceedings of the 12th ACM SIGKDD international conference on Knowledge discovery and data mining},
	Organization = {ACM},
	Pages = {535--541},
	Title = {Model compression},
	Year = {2006}}

@article{romero2014fitnets,
	Author = {Romero, Adriana and Ballas, Nicolas and Kahou, Samira Ebrahimi and Chassang, Antoine and Gatta, Carlo and Bengio, Yoshua},
	Journal = {arXiv preprint arXiv:1412.6550},
	Title = {Fitnets: Hints for thin deep nets},
	Year = {2014}}

@inproceedings{reed2015deep,
	Author = {Reed, Scott E and Zhang, Yi and Zhang, Yuting and Lee, Honglak},
	Booktitle = {Advances in Neural Information Processing Systems},
	Pages = {1252--1260},
	Title = {Deep Visual Analogy-Making},
	Year = {2015}}

@article{leviage,
	Author = {Levi, Gil and Hassner, Tal},
	Title = {Age and Gender Classification using Convolutional Neural Networks}}

@article{xie2015holistically,
	Author = {Xie, Saining and Tu, Zhuowen},
	Journal = {arXiv preprint arXiv:1504.06375},
	Title = {Holistically-Nested Edge Detection},
	Year = {2015}}

@misc{krizhevsky2009learning,
	Author = {Krizhevsky, Alex and Hinton, Geoffrey},
	Publisher = {Citeseer},
	Title = {Learning multiple layers of features from tiny images},
	Year = {2009}}

@inproceedings{ciresan2012multi,
	Author = {Ciresan, Dan and Meier, Ueli and Schmidhuber, J{\"u}rgen},
	Booktitle = {Computer Vision and Pattern Recognition (CVPR), 2012 IEEE Conference on},
	Organization = {IEEE},
	Pages = {3642--3649},
	Title = {Multi-column deep neural networks for image classification},
	Year = {2012}}

@inproceedings{netzer2011reading,
	Author = {Netzer, Yuval and Wang, Tao and Coates, Adam and Bissacco, Alessandro and Wu, Bo and Ng, Andrew Y},
	Booktitle = {NIPS workshop on deep learning and unsupervised feature learning},
	Number = {2},
	Organization = {Granada, Spain},
	Pages = {5},
	Title = {Reading digits in natural images with unsupervised feature learning},
	Volume = {2011},
	Year = {2011}}

@article{farabet2013learning,
	Author = {Farabet, Clement and Couprie, Camille and Najman, Laurent and LeCun, Yann},
	Journal = {Pattern Analysis and Machine Intelligence, IEEE Transactions on},
	Number = {8},
	Pages = {1915--1929},
	Publisher = {IEEE},
	Title = {Learning hierarchical features for scene labeling},
	Volume = {35},
	Year = {2013}}

@article{fukushima1982neocognitron,
	Author = {Fukushima, Kunihiko and Miyake, Sei},
	Journal = {Pattern recognition},
	Number = {6},
	Pages = {455--469},
	Publisher = {Elsevier},
	Title = {Neocognitron: A new algorithm for pattern recognition tolerant of deformations and shifts in position},
	Volume = {15},
	Year = {1982}}

@article{hubel1959receptive,
	Author = {Hubel, David H and Wiesel, Torsten N},
	Journal = {The Journal of physiology},
	Number = {3},
	Pages = {574--591},
	Publisher = {Wiley Online Library},
	Title = {Receptive fields of single neurones in the cat's striate cortex},
	Volume = {148},
	Year = {1959}}

@article{hubel1962receptive,
	Author = {Hubel, David H and Wiesel, Torsten N},
	Journal = {The Journal of physiology},
	Number = {1},
	Pages = {106},
	Publisher = {Blackwell Publishing},
	Title = {Receptive fields, binocular interaction and functional architecture in the cat's visual cortex},
	Volume = {160},
	Year = {1962}}

@inproceedings{le1988theoretical,
	Author = {Le Cun, Yann and Touresky, D and Hinton, G and Sejnowski, T},
	Booktitle = {The Connectionist Models Summer School},
	Pages = {21--28},
	Title = {A theoretical framework for back-propagation},
	Volume = {1},
	Year = {1988}}

@article{lecun1989backpropagation,
	Author = {LeCun, Yann and Boser, Bernhard and Denker, John S and Henderson, Donnie and Howard, Richard E and Hubbard, Wayne and Jackel, Lawrence D},
	Journal = {Neural computation},
	Number = {4},
	Pages = {541--551},
	Publisher = {MIT Press},
	Title = {Backpropagation applied to handwritten zip code recognition},
	Volume = {1},
	Year = {1989}}

@inproceedings{le1990handwritten,
	Author = {Le Cun, B Boser and Denker, John S and Henderson, D and Howard, Richard E and Hubbard, W and Jackel, Lawrence D},
	Booktitle = {Advances in neural information processing systems},
	Organization = {Citeseer},
	Title = {Handwritten digit recognition with a back-propagation network},
	Year = {1990}}

@article{lecun1998gradient,
	Author = {LeCun, Yann and Bottou, L{\'e}on and Bengio, Yoshua and Haffner, Patrick},
	Journal = {Proceedings of the IEEE},
	Number = {11},
	Pages = {2278--2324},
	Publisher = {IEEE},
	Title = {Gradient-based learning applied to document recognition},
	Volume = {86},
	Year = {1998}}

@inproceedings{krizhevsky2012imagenet,
	Author = {Krizhevsky, Alex and Sutskever, Ilya and Hinton, Geoffrey E},
	Booktitle = {Advances in neural information processing systems},
	Pages = {1097--1105},
	Title = {Imagenet classification with deep convolutional neural networks},
	Year = {2012}}

@article{ioffe2015batch,
	Author = {Ioffe, Sergey and Szegedy, Christian},
	Journal = {arXiv preprint arXiv:1502.03167},
	Title = {Batch normalization: Accelerating deep network training by reducing internal covariate shift},
	Year = {2015}}

@article{DBLP:journals/corr/LinCY13,
	Author = {Min Lin and Qiang Chen and Shuicheng Yan},
	Bibsource = {dblp computer science bibliography, http://dblp.org},
	Biburl = {http://dblp.uni-trier.de/rec/bib/journals/corr/LinCY13},
	Journal = {CoRR},
	Timestamp = {Mon, 06 Jan 2014 15:10:41 +0100},
	Title = {Network In Network},
	Url = {http://arxiv.org/abs/1312.4400},
	Volume = {abs/1312.4400},
	Year = {2013},
	Bdsk-Url-1 = {http://arxiv.org/abs/1312.4400}}

@inproceedings{stollenga2014deep,
	Author = {Stollenga, Marijn F and Masci, Jonathan and Gomez, Faustino and Schmidhuber, J{\"u}rgen},
	Booktitle = {Advances in Neural Information Processing Systems},
	Pages = {3545--3553},
	Title = {Deep networks with internal selective attention through feedback connections},
	Year = {2014}}

@article{zeiler2013stochastic,
	Author = {Zeiler, Matthew D and Fergus, Rob},
	Journal = {arXiv preprint arXiv:1301.3557},
	Title = {Stochastic pooling for regularization of deep convolutional neural networks},
	Year = {2013}}

@article{goodfellow2013maxout,
  title={Maxout networks.},
  author={Goodfellow, Ian J and Warde-Farley, David and Mirza, Mehdi and Courville, Aaron C and Bengio, Yoshua},
  journal={ICML (3)},
  volume={28},
  pages={1319--1327},
  year={2013}
}

@article{springenberg2013improving,
	Author = {Springenberg, Jost Tobias and Riedmiller, Martin},
	Journal = {arXiv preprint arXiv:1312.6116},
	Title = {Improving deep neural networks with probabilistic maxout units},
	Year = {2013}}

@article{lee2014deeply,
	Author = {Lee, Chen-Yu and Xie, Saining and Gallagher, Patrick and Zhang, Zhengyou and Tu, Zhuowen},
	Journal = {arXiv preprint arXiv:1409.5185},
	Title = {Deeply-supervised nets},
	Year = {2014}}

@inproceedings{srivastava2013discriminative,
	Author = {Srivastava, Nitish and Salakhutdinov, Ruslan R},
	Booktitle = {Advances in Neural Information Processing Systems},
	Pages = {2094--2102},
	Title = {Discriminative transfer learning with tree-based priors},
	Year = {2013}}

@article{goodfellow2013multi,
	Author = {Goodfellow, Ian J and Bulatov, Yaroslav and Ibarz, Julian and Arnoud, Sacha and Shet, Vinay},
	Journal = {arXiv preprint arXiv:1312.6082},
	Title = {Multi-digit number recognition from street view imagery using deep convolutional neural networks},
	Year = {2013}}

@article{sermanet2013overfeat,
	Author = {Sermanet, Pierre and Eigen, David and Zhang, Xiang and Mathieu, Micha{\"e}l and Fergus, Rob and LeCun, Yann},
	Journal = {arXiv preprint arXiv:1312.6229},
	Title = {Overfeat: Integrated recognition, localization and detection using convolutional networks},
	Year = {2013}}

@inproceedings{glorot2011deep,
	Author = {Glorot, Xavier and Bordes, Antoine and Bengio, Yoshua},
	Booktitle = {International Conference on Artificial Intelligence and Statistics},
	Pages = {315--323},
	Title = {Deep sparse rectifier neural networks},
	Year = {2011}}

@inproceedings{liang2015recurrent,
	Author = {Liang, Ming and Hu, Xiaolin},
	Booktitle = {Proceedings of the IEEE Conference on Computer Vision and Pattern Recognition},
	Pages = {3367--3375},
	Title = {Recurrent Convolutional Neural Network for Object Recognition},
	Year = {2015}}

@article{simonyan2014very,
	Author = {Simonyan, Karen and Zisserman, Andrew},
	Journal = {arXiv preprint arXiv:1409.1556},
	Title = {Very deep convolutional networks for large-scale image recognition},
	Year = {2014}}

@article{szegedy2014going,
	Author = {Szegedy, Christian and Liu, Wei and Jia, Yangqing and Sermanet, Pierre and Reed, Scott and Anguelov, Dragomir and Erhan, Dumitru and Vanhoucke, Vincent and Rabinovich, Andrew},
	Journal = {arXiv preprint arXiv:1409.4842},
	Title = {Going deeper with convolutions},
	Year = {2014}}

@article{szegedy2015rethinking,
	Author = {Szegedy, Christian and Vanhoucke, Vincent and Ioffe, Sergey and Shlens, Jonathon and Wojna, Zbigniew},
	Journal = {arXiv preprint arXiv:1512.00567},
	Title = {Rethinking the Inception Architecture for Computer Vision},
	Year = {2015}}

@article{szegedy2016inception,
	Author = {Szegedy, Christian and Ioffe, Sergey and Vanhoucke, Vincent},
	Journal = {arXiv preprint arXiv:1602.07261},
	Title = {Inception-v4, inception-resnet and the impact of residual connections on learning},
	Year = {2016}}

@article{he2015deep,
	Author = {He, Kaiming and Zhang, Xiangyu and Ren, Shaoqing and Sun, Jian},
	Journal = {arXiv preprint arXiv:1512.03385},
	Title = {Deep Residual Learning for Image Recognition},
	Year = {2015}}

@article{he2014convolutional,
	Author = {He, Kaiming and Sun, Jian},
	Journal = {arXiv preprint arXiv:1412.1710},
	Title = {Convolutional neural networks at constrained time cost},
	Year = {2014}}

@inproceedings{srivastava2015training,
	Author = {Srivastava, Rupesh K and Greff, Klaus and Schmidhuber, J{\"u}rgen},
	Booktitle = {Advances in Neural Information Processing Systems},
	Pages = {2368--2376},
	Title = {Training very deep networks},
	Year = {2015}}

@inproceedings{dalal2005histograms,
	Author = {Dalal, Navneet and Triggs, Bill},
	Booktitle = {Computer Vision and Pattern Recognition, 2005. CVPR 2005. IEEE Computer Society Conference on},
	Organization = {IEEE},
	Pages = {886--893},
	Title = {Histograms of oriented gradients for human detection},
	Volume = {1},
	Year = {2005}}

@inproceedings{lowe1999object,
	Author = {Lowe, David G},
	Booktitle = {Computer vision, 1999. The proceedings of the seventh IEEE international conference on},
	Organization = {Ieee},
	Pages = {1150--1157},
	Title = {Object recognition from local scale-invariant features},
	Volume = {2},
	Year = {1999}}

@inproceedings{lowe2004distinctive,
	Author = {Lowe, David G},
	Journal = {International journal of computer vision},
	Number = {2},
	Pages = {91--110},
	Publisher = {Springer},
	Title = {Distinctive image features from scale-invariant keypoints},
	Volume = {60},
	Year = {2004}}

@inproceedings{ke2004pca,
	Author = {Ke, Yan and Sukthankar, Rahul},
	Booktitle = {Computer Vision and Pattern Recognition, 2004. CVPR 2004. Proceedings of the 2004 IEEE Computer Society Conference on},
	Organization = {IEEE},
	Pages = {II--506},
	Title = {PCA-SIFT: A more distinctive representation for local image descriptors},
	Volume = {2},
	Year = {2004}}

@inproceedings{girshick2014rich,
	Author = {Girshick, Ross and Donahue, Jeff and Darrell, Trevor and Malik, Jagannath},
	Booktitle = {Computer Vision and Pattern Recognition (CVPR), 2014 IEEE Conference on},
	Organization = {IEEE},
	Pages = {580--587},
	Title = {Rich feature hierarchies for accurate object detection and semantic segmentation},
	Year = {2014}}

@article{long2014fully,
	Author = {Long, Jonathan and Shelhamer, Evan and Darrell, Trevor},
	Journal = {arXiv preprint arXiv:1411.4038},
	Title = {Fully convolutional networks for semantic segmentation},
	Year = {2014}}

@inproceedings{sun2014deepa,
	Author = {Sun, Yi and Wang, Xiaogang and Tang, Xiaoou},
	Booktitle = {Computer Vision and Pattern Recognition (CVPR), 2014 IEEE Conference on},
	Organization = {IEEE},
	Pages = {1891--1898},
	Title = {Deep learning face representation from predicting 10,000 classes},
	Year = {2014}}

@inproceedings{sun2014deepb,
	Author = {Sun, Yi and Chen, Yuheng and Wang, Xiaogang and Tang, Xiaoou},
	Booktitle = {Advances in Neural Information Processing Systems},
	Pages = {1988--1996},
	Title = {Deep learning face representation by joint identification-verification},
	Year = {2014}}

@article{sun2014deepc,
	Author = {Sun, Yi and Wang, Xiaogang and Tang, Xiaoou},
	Journal = {arXiv preprint arXiv:1412.1265},
	Title = {Deeply learned face representations are sparse, selective, and robust},
	Year = {2014}}

@inproceedings{jaderberg2015spatial,
	Author = {Jaderberg, Max and Simonyan, Karen and Zisserman, Andrew and others},
	Booktitle = {Advances in Neural Information Processing Systems},
	Pages = {2008--2016},
	Title = {Spatial transformer networks},
	Year = {2015}}

@article{xumulti,
	Author = {Xu, Chunyan and Lu, Canyi and Liang, Xiaodan and Gao, Junbin and Zheng, Wei and Wang, Tianjiang and Yan, Shuicheng},
	Publisher = {IEEE},
	Title = {Multi-Loss Regularized Deep Neural Network}}

@inproceedings{snoek2015scalable,
	Author = {Snoek, Jasper and Rippel, Oren and Swersky, Kevin and Kiros, Ryan and Satish, Nadathur and Sundaram, Narayanan and Patwary, Mostofa and Prabhat, Mr and Adams, Ryan},
	Booktitle = {Proceedings of the 32nd International Conference on Machine Learning (ICML-15)},
	Pages = {2171--2180},
	Title = {Scalable Bayesian Optimization Using Deep Neural Networks},
	Year = {2015}}

@article{pu2015deep,
	Author = {Pu, Yunchen and Yuan, Xin and Stevens, Andrew and Li, Chunyuan and Carin, Lawrence},
	Journal = {arXiv preprint arXiv:1512.07344},
	Title = {A Deep Generative Deconvolutional Image Model},
	Year = {2015}}

@article{lee2015generalizing,
	Author = {Lee, Chen-Yu and Gallagher, Patrick W and Tu, Zhuowen},
	Journal = {arXiv preprint arXiv:1509.08985},
	Title = {Generalizing Pooling Functions in Convolutional Neural Networks: Mixed, Gated, and Tree},
	Year = {2015}}

@article{fukushima1975cognitron,
	Author = {Fukushima, Kunihiko},
	Journal = {Biological cybernetics},
	Number = {3-4},
	Pages = {121--136},
	Publisher = {Springer},
	Title = {Cognitron: A self-organizing multilayered neural network},
	Volume = {20},
	Year = {1975}}

@article{fukushima1980neocognitron,
	Author = {Fukushima, Kunihiko},
	Journal = {Biological cybernetics},
	Number = {4},
	Pages = {193--202},
	Publisher = {Springer},
	Title = {Neocognitron: A self-organizing neural network model for a mechanism of pattern recognition unaffected by shift in position},
	Volume = {36},
	Year = {1980}}

@inproceedings{lee2015deeply,
	Author = {Lee, ChenYu and Xie, Saining and Gallagher, Patrick and Zhang, Zhengyou and Tu, Zhuowen},
	Booktitle = {AISTATS},
	Pages = {562--570},
	Title = {Deeply-Supervised Nets},
	Year = {2015}}

@inproceedings{springenberg2015striving,
	Author = {Springenberg, Jost Tobias and Dosovitskiy, Alexey and Brox, Thomas and Riedmiller, Martin},
	Booktitle = {ICLR},
	Title = {Striving for Simplicity: The All Convolutional Net},
	Year = {2015}}

@inproceedings{szegedy2015going,
	Author = {Szegedy, Christian and Liu, Wei and Jia, Yangqing and Sermanet, Pierre and Reed, Scott and Anguelov, Dragomir and Erhan, Dumitru and Vanhoucke, Vincent and Rabinovich, Andrew},
	Booktitle = {CVPR},
	Pages = {1--9},
	Title = {Going Deeper With Convolutions},
	Year = {2015}}

@article{springenberg2014striving,
	Author = {Springenberg, Jost Tobias and Dosovitskiy, Alexey and Brox, Thomas and Riedmiller, Martin},
	Journal = {arXiv preprint arXiv:1412.6806},
	Title = {Striving for simplicity: The all convolutional net},
	Year = {2014}}

@article{graham2014fractional,
	Author = {Graham, Benjamin},
	Journal = {arXiv preprint arXiv:1412.6071},
	Title = {Fractional max-pooling},
	Year = {2014}}

@article{mishkin2015all,
	Author = {Mishkin, Dmytro and Matas, Jiri},
	Journal = {arXiv preprint arXiv:1511.06422},
	Title = {All you need is a good init},
	Year = {2015}}

@inproceedings{lecun1989optimal,
	Author = {LeCun, Yann and Denker, John S and Solla, Sara A and Howard, Richard E and Jackel, Lawrence D},
	Booktitle = {NIPS},
	Pages = {598--605},
	Title = {Optimal brain damage.},
	Year = {1989}}

@inproceedings{chen2015compressing,
	Author = {Chen, Wenlin and Wilson, James and Tyree, Stephen and Weinberger, Kilian and Chen, Yixin},
	Booktitle = {ICML},
	Pages = {2285--2294},
	Title = {Compressing Neural Networks with the Hashing Trick},
	Year = {2015}}

@article{ahonen2006face,
	Author = {Ahonen, Timo and Hadid, Abdenour and Pietikainen, Matti},
	Journal = {Pattern Analysis and Machine Intelligence, IEEE Transactions on},
	Number = {12},
	Pages = {2037--2041},
	Publisher = {IEEE},
	Title = {Face description with local binary patterns: Application to face recognition},
	Volume = {28},
	Year = {2006}}

@inproceedings{denil2013predicting,
	Author = {Denil, Misha and Shakibi, Babak and Dinh, Laurent and de Freitas, Nando and others},
	Booktitle = {Advances in Neural Information Processing Systems},
	Pages = {2148--2156},
	Title = {Predicting parameters in deep learning},
	Year = {2013}}

@inproceedings{jaderberg2014speeding,
	Author = {Jaderberg, Max and Vedaldi, Andrea and Zisserman, Andrew},
	Booktitle = {Proceedings of the British Machine Vision Conference. BMVA Press},
	Title = {Speeding up Convolutional Neural Networks with Low Rank Expansions},
	Year = {2014}}

@inproceedings{denton2014exploiting,
	Author = {Denton, Emily L and Zaremba, Wojciech and Bruna, Joan and LeCun, Yann and Fergus, Rob},
	Booktitle = {Advances in Neural Information Processing Systems},
	Pages = {1269--1277},
	Title = {Exploiting linear structure within convolutional networks for efficient evaluation},
	Year = {2014}}

@article{lebedev2014speeding,
	Author = {Lebedev, Vadim and Ganin, Yaroslav and Rakhuba, Maksim and Oseledets, Ivan and Lempitsky, Victor},
	Journal = {arXiv preprint arXiv:1412.6553},
	Title = {Speeding-up convolutional neural networks using fine-tuned cp-decomposition},
	Year = {2014}}

@inproceedings{bucilu2006model,
	Author = {Bucilu$\check{a}$, Cristian and Caruana, Rich and Niculescu-Mizil, Alexandru},
	Booktitle = {Proceedings of the 12th ACM SIGKDD international conference on Knowledge discovery and data mining},
	Organization = {ACM},
	Pages = {535--541},
	Title = {Model compression},
	Year = {2006}}

@inproceedings{vanhoucke2011improving,
	Author = {Vanhoucke, Vincent and Senior, Andrew and Mao, Mark Z},
	Booktitle = {Proc. Deep Learning and Unsupervised Feature Learning NIPS Workshop},
	Title = {Improving the speed of neural networks on CPUs},
	Volume = {1},
	Year = {2011}}

@article{krizhevsky2014one,
	Author = {Krizhevsky, Alex},
	Journal = {arXiv preprint arXiv:1404.5997},
	Title = {One weird trick for parallelizing convolutional neural networks},
	Year = {2014}}

@article{farabet2011large,
	Author = {Farabet, Cl{\'e}ment and LeCun, Yann and Kavukcuoglu, Koray and Culurciello, Eugenio and Martini, Berin and Akselrod, Polina and Talay, Selcuk},
	Journal = {Scaling up Machine Learning: Parallel and Distributed Approaches},
	Pages = {399--419},
	Publisher = {Cambridge University Press},
	Title = {Large-scale FPGA-based convolutional networks},
	Year = {2011}}

@article{mathieu2013fast,
	Author = {Mathieu, Michael and Henaff, Mikael and LeCun, Yann},
	Journal = {arXiv preprint arXiv:1312.5851},
	Title = {Fast training of convolutional networks through FFTs},
	Year = {2013}}

@article{lin2013network,
	Author = {Lin, Min and Chen, Qiang and Yan, Shuicheng},
	Journal = {arXiv preprint arXiv:1312.4400},
	Title = {Network in network},
	Year = {2013}}

@inproceedings{zhang2015efficient,
	Author = {Zhang, Xiangyu and Zou, Jianhua and Ming, Xiang and He, Kaiming and Sun, Jian},
	Booktitle = {Proceedings of the IEEE Conference on Computer Vision and Pattern Recognition},
	Pages = {1984--1992},
	Title = {Efficient and accurate approximations of nonlinear convolutional networks},
	Year = {2015}}

@article{wu2015quantized,
	Author = {Wu, Jiaxiang and Leng, Cong and Wang, Yuhang and Hu, Qinghao and Cheng, Jian},
	Journal = {arXiv preprint arXiv:1512.06473},
	Title = {Quantized Convolutional Neural Networks for Mobile Devices},
	Year = {2015}}

%chap05
@inproceedings{stallkamp2011german,
  title={The German traffic sign recognition benchmark: a multi-class classification competition},
  author={Stallkamp, Johannes and Schlipsing, Marc and Salmen, Jan and Igel, Christian},
  booktitle={Neural Networks (IJCNN), The 2011 International Joint Conference on},
  pages={1453--1460},
  year={2011},
  organization={IEEE}
}

@article{lu2012sparse,
  title={Sparse-representation-based graph embedding for traffic sign recognition},
  author={Lu, Ke and Ding, Zhengming and Ge, Sam},
  journal={IEEE transactions on intelligent transportation systems},
  volume={13},
  number={4},
  pages={1515--1524},
  year={2012},
  publisher={IEEE}
}


@inproceedings{zhu2016traffic,
  title={Traffic-Sign Detection and Classification in the Wild},
  author={Zhu, Zhe and Liang, Dun and Zhang, Songhai and Huang, Xiaolei and Li, Baoli and Hu, Shimin},
  booktitle={Proceedings of the IEEE Conference on Computer Vision and Pattern Recognition},
  pages={2110--2118},
  year={2016}
}


@article{haloi2015traffic,
  title={Traffic Sign Classification Using Deep Inception Based Convolutional Networks},
  author={Haloi, Mrinal},
  journal={arXiv preprint arXiv:1511.02992},
  year={2015}
}

@inproceedings{zaklouta2011traffic,
  title={Traffic sign classification using kd trees and random forests},
  author={Zaklouta, Fatin and Stanciulescu, Bogdan and Hamdoun, Omar},
  booktitle={Neural Networks (IJCNN), The 2011 International Joint Conference on},
  pages={2151--2155},
  year={2011},
  organization={IEEE}
}


@article{haloi2015novel,
  title={A novel pLSA based Traffic Signs Classification System},
  author={Haloi, Mrinal},
  journal={arXiv preprint arXiv:1503.06643},
  year={2015}
}

@inproceedings{cirecsan2011committee,
  title={A committee of neural networks for traffic sign classification},
  author={Cire{\c{s}}an, Dan and Meier, Ueli and Masci, Jonathan and Schmidhuber, J{\"u}rgen},
  booktitle={Neural Networks (IJCNN), The 2011 International Joint Conference on},
  pages={1918--1921},
  year={2011},
  organization={IEEE}
}

@inproceedings{sermanet2011traffic,
  title={Traffic sign recognition with multi-scale convolutional networks},
  author={Sermanet, Pierre and LeCun, Yann},
  booktitle={Neural Networks (IJCNN), The 2011 International Joint Conference on},
  pages={2809--2813},
  year={2011},
  organization={IEEE}
}

@inproceedings{bahlmann2005system,
  title={A system for traffic sign detection, tracking, and recognition using color, shape, and motion information},
  author={Bahlmann, Claus and Zhu, Ying and Ramesh, Visvanathan and Pellkofer, Martin and Koehler, Thorsten},
  booktitle={IEEE Proceedings. Intelligent Vehicles Symposium, 2005.},
  pages={255--260},
  year={2005},
  organization={IEEE}
}

@article{stallkamp2012man,
  title={Man vs. computer: Benchmarking machine learning algorithms for traffic sign recognition},
  author={Stallkamp, Johannes and Schlipsing, Marc and Salmen, Jan and Igel, Christian},
  journal={Neural networks},
  volume={32},
  pages={323--332},
  year={2012},
  publisher={Elsevier}
}

@inproceedings{le2010real,
  title={Real time traffic sign detection using color and shape-based features},
  author={Le, Tam T and Tran, Son T and Mita, Seichii and Nguyen, Thuc D},
  booktitle={Asian Conference on Intelligent Information and Database Systems},
  pages={268--278},
  year={2010},
  organization={Springer}
}

@article{iandola2016squeezenet,
  title={SqueezeNet: AlexNet-level accuracy with 50x fewer parameters and< 0.5 MB model size},
  author={Iandola, Forrest N and Han, Song and Moskewicz, Matthew W and Ashraf, Khalid and Dally, William J and Keutzer, Kurt},
  journal={arXiv preprint arXiv:1602.07360},
  year={2016}
}

@article{chollet2016xception,
  title={Xception: Deep Learning with Depthwise Separable Convolutions},
  author={Chollet, Fran{\c{c}}ois},
  journal={arXiv preprint arXiv:1610.02357},
  year={2016}
}

@article{howard2017mobilenets,
  title={Mobilenets: Efficient convolutional neural networks for mobile vision applications},
  author={Howard, Andrew G and Zhu, Menglong and Chen, Bo and Kalenichenko, Dmitry and Wang, Weijun and Weyand, Tobias and Andreetto, Marco and Adam, Hartwig},
  journal={arXiv preprint arXiv:1704.04861},
  year={2017}
}

@article{zhang2017shufflenet,
  title={Shufflenet: An extremely efficient convolutional neural network for mobile devices},
  author={Zhang, Xiangyu and Zhou, Xinyu and Lin, Mengxiao and Sun, Jian},
  journal={arXiv preprint arXiv:1707.01083},
  year={2017}
}




